<?xml version="1.0" encoding="UTF-8"?><collection xmlns="http://www.loc.gov/MARC21/slim"><record><leader>00467nam--2200169-i-4500</leader><controlfield tag="001">000043129</controlfield><controlfield tag="002">20161230</controlfield><controlfield tag="005">20161230201043</controlfield><controlfield tag="008">060222s1000------------r-----000-0-eng-d</controlfield><datafield ind1=" " ind2=" " tag="040"><subfield code="a">IFIN-HH</subfield></datafield><datafield ind1=" " ind2=" " tag="080"><subfield code="a">539.1.074:539.166</subfield></datafield><datafield ind1="1" ind2=" " tag="100"><subfield code="a">Sundstrom, Benny</subfield></datafield><datafield ind1="1" ind2="0" tag="245"><subfield code="a">Some studies in nuclear structure by coincidence measurements</subfield><subfield code="c">Benny sundstrom</subfield></datafield><datafield ind1=" " ind2=" " tag="260"><subfield code="a">Stockholm</subfield><subfield code="b">University</subfield><subfield code="c">1983</subfield></datafield><datafield ind1=" " ind2=" " tag="300"><subfield code="a">29P</subfield></datafield><datafield ind1=" " ind2=" " tag="852"><subfield code="a">71023</subfield><subfield code="c">539.14</subfield></datafield><datafield ind1=" " ind2=" " tag="CAT"><subfield code="a">Sys</subfield><subfield code="c">20120404</subfield><subfield code="h">135427</subfield></datafield></record></collection>